<record><leader>00000cas a22000007a 4500</leader><controlfield tag="001">28322612</controlfield><controlfield tag="008">930624c19279999okudr ne      0    0eng d</controlfield><datafield ind1=" " ind2=" " tag="010"><subfield code="a">sn 93066053 </subfield></datafield><datafield ind1=" " ind2=" " tag="040"><subfield code="a">OBN</subfield><subfield code="b">eng</subfield><subfield code="c">OBN</subfield><subfield code="d">OCLCQ</subfield></datafield><datafield ind1=" " ind2=" " tag="042"><subfield code="a">msc</subfield></datafield><datafield ind1="0" ind2="0" tag="245"><subfield code="a">Clinton daily news.</subfield></datafield><datafield ind1=" " ind2=" " tag="260"><subfield code="a">Clinton, Okla. :</subfield><subfield code="b">Clinton Pub. Co.</subfield></datafield><datafield ind1=" " ind2=" " tag="300"><subfield code="a">v.</subfield></datafield><datafield ind1=" " ind2=" " tag="310"><subfield code="a">Daily (Except on Saturdays)</subfield></datafield><datafield ind1=" " ind2=" " tag="500"><subfield code="a">Began in 1927.</subfield></datafield><datafield ind1=" " ind2=" " tag="588"><subfield code="a">Description based on: Vol. 7, no. 82 (Oct. 17, 1929).</subfield></datafield><datafield ind1=" " ind2="4" tag="651"><subfield code="a">Clinton (Okla.)</subfield><subfield code="v">Newspapers.</subfield></datafield><datafield ind1=" " ind2="4" tag="651"><subfield code="a">Custer County (Okla.)</subfield><subfield code="v">Newspapers.</subfield></datafield><datafield ind1=" " ind2=" " tag="752"><subfield code="a">United States</subfield><subfield code="b">Oklahoma</subfield><subfield code="c">Custer</subfield><subfield code="d">Clinton.</subfield></datafield><datafield ind1="0" ind2="0" tag="780"><subfield code="t">Custer County post-dispatch</subfield><subfield code="w">(DLC)sn 93066052</subfield><subfield code="w">(OCoLC)28322510</subfield></datafield><datafield ind1="0" ind2="5" tag="780"><subfield code="t">Custer County chronicle (Clinton, Okla. : 1927)</subfield><subfield code="w">(DLC)sn 93066062</subfield><subfield code="w">(OCoLC)28322407</subfield></datafield><datafield ind1="1" ind2=" " tag="029"><subfield code="a">AU@</subfield><subfield code="b">000025884005</subfield></datafield></record>